@inproceedings {CKLS15, 
	title = {A Distributed and Robust SDN Control Plane for Transactional Network Updates},
	author = {Marco Canini and Petr Kuznetsov and Dan Levin and Stefan Schmid},
	year = {2015},
	booktitle = {INFOCOM},
}
@inproceedings{DBLP:conf/opodis/TurcuPPR14,
  author    = {Alexandru Turcu and
               Sebastiano Peluso and
               Roberto Palmieri and
               Binoy Ravindran},
  title     = {Be General and Don't Give Up Consistency in Geo-Replicated Transactional
               Systems},
  booktitle = {Principles of Distributed Systems - 18th International Conference,
               {OPODIS} 2014, Cortina d'Ampezzo, Italy, December 16-19, 2014. Proceedings},
  pages     = {33--48},
  year      = {2014},
  crossref  = {DBLP:conf/opodis/2014},
  url       = {http://dx.doi.org/10.1007/978-3-319-14472-6_3},
  doi       = {10.1007/978-3-319-14472-6_3},
  timestamp = {Wed, 10 Dec 2014 12:11:05 +0100},
  biburl    = {http://dblp.uni-trier.de/rec/bib/conf/opodis/TurcuPPR14},
  bibsource = {dblp computer science bibliography, http://dblp.org}
}



@article{Casado:2014:ASN:2661061.2661063,
 author = {Casado, Martin and Foster, Nate and Guha, Arjun},
 title = {Abstractions for Software-defined Networks},
 journal = {Commun. ACM},
 issue_date = {October 2014},
 volume = {57},
 number = {10},
 month = sep,
 year = {2014},
 issn = {0001-0782},
 pages = {86--95},
 numpages = {10},
 url = {http://doi.acm.org/10.1145/2661061.2661063},
 doi = {10.1145/2661061.2661063},
 acmid = {2661063},
 publisher = {ACM},
 address = {New York, NY, USA},
} 

@ARTICLE{Lamport98thepart-time,
    author = {Leslie Lamport},
    title = {The part-time parliament},
    journal = {ACM TRANSACTIONS ON COMPUTER SYSTEMS},
    year = {1998},
    volume = {16},
    number = {2},
    pages = {133--169}
}
@inproceedings{Moraru:2013:MCE:2517349.2517350,
 author = {Moraru, Iulian and Andersen, David G. and Kaminsky, Michael},
 title = {There is More Consensus in Egalitarian Parliaments},
 booktitle = {Proceedings of the Twenty-Fourth ACM Symposium on Operating Systems Principles},
 series = {SOSP '13},
 year = {2013},
 isbn = {978-1-4503-2388-8},
 location = {Farminton, Pennsylvania},
 pages = {358--372},
 numpages = {15},
 url = {http://doi.acm.org/10.1145/2517349.2517350},
 doi = {10.1145/2517349.2517350},
 acmid = {2517350},
 publisher = {ACM},
 address = {New York, NY, USA},
}
@book{Herlihy:2008:AMP:1734069,
 author = {Herlihy, Maurice and Shavit, Nir},
 title = {The Art of Multiprocessor Programming},
 year = {2008},
 isbn = {0123705916, 9780123705914},
 publisher = {Morgan Kaufmann Publishers Inc.},
 address = {San Francisco, CA, USA},
}
@book{Guerraoui:2010:IRD:1951643,
 author = {Guerraoui, Rachid and Rodrigues, Lus},
 title = {Introduction to Reliable Distributed Programming},
 year = {2010},
 isbn = {3642066925, 9783642066924},
 edition = {1st},
 publisher = {Springer Publishing Company, Incorporated},
}
@inproceedings{Reitblatt:2012:ANU:2342356.2342427,
 author = {Reitblatt, Mark and Foster, Nate and Rexford, Jennifer and Schlesinger, Cole and Walker, David},
 title = {Abstractions for Network Update},
 booktitle = {Proceedings of the ACM SIGCOMM 2012 Conference on Applications, Technologies, Architectures, and Protocols for Computer Communication},
 series = {SIGCOMM '12},
 year = {2012},
 isbn = {978-1-4503-1419-0},
 location = {Helsinki, Finland},
 pages = {323--334},
 numpages = {12},
 url = {http://doi.acm.org/10.1145/2342356.2342427},
 doi = {10.1145/2342356.2342427},
 acmid = {2342427},
 publisher = {ACM},
 address = {New York, NY, USA},
 keywords = {consistency, frenetic, network programming languages, openflow, planned change, software-defined networking},
}
@manual{OpenFlow,
author = {Open Networking Foundation},
title = {OpenFlow Switch Specification},
year = {14 October 2013},
}

}
@inproceedings{In-band, 
	title = {In-Band Synchronization for Distributed SDN Control Planes},
	author = {Liron Schiff and Petr Kuznetsov and Stefan Schmid},
	year = {2015},
}
@inproceedings{Shavit:1995:STM:224964.224987,
 author = {Shavit, Nir and Touitou, Dan},
 title = {Software Transactional Memory},
 booktitle = {Proceedings of the Fourteenth Annual ACM Symposium on Principles of Distributed Computing},
 series = {PODC '95},
 year = {1995},
 isbn = {0-89791-710-3},
 location = {Ottowa, Ontario, Canada},
 pages = {204--213},
 numpages = {10},
 url = {http://doi.acm.org/10.1145/224964.224987},
 doi = {10.1145/224964.224987},
 acmid = {224987},
 publisher = {ACM},
 address = {New York, NY, USA},
}   
